<record><leader>00000cas a22000007a 4500</leader><controlfield tag="001">6188880</controlfield><controlfield tag="008">800410u1978uuuuwiumr ne      0    0eng d</controlfield><datafield ind1=" " ind2=" " tag="010"><subfield code="a">sn 94050902 </subfield></datafield><datafield ind1=" " ind2=" " tag="040"><subfield code="a">GZN</subfield><subfield code="b">eng</subfield><subfield code="c">GZN</subfield><subfield code="d">ANU</subfield><subfield code="d">OCL</subfield><subfield code="d">NYS</subfield><subfield code="d">EEM</subfield><subfield code="d">OCLCQ</subfield><subfield code="d">OCLCO</subfield><subfield code="d">OCLCF</subfield></datafield><datafield ind1="1" ind2=" " tag="029"><subfield code="a">AU@</subfield><subfield code="b">000010928980</subfield></datafield><datafield ind1=" " ind2=" " tag="042"><subfield code="a">msc</subfield></datafield><datafield ind1=" " ind2=" " tag="043"><subfield code="a">n-us-wi</subfield><subfield code="a">nl-----</subfield></datafield><datafield ind1="1" ind2="4" tag="050"><subfield code="a">E78.W8</subfield><subfield code="b">W57</subfield></datafield><datafield ind1="0" ind2="0" tag="245"><subfield code="a">Wisconsin inter-tribal news.</subfield></datafield><datafield ind1=" " ind2=" " tag="260"><subfield code="a">Odanah, WI :</subfield><subfield code="b">Public Information Office of Great Lakes Inter-Tribal Council</subfield></datafield><datafield ind1=" " ind2=" " tag="300"><subfield code="a">v. :</subfield><subfield code="b">ill. ;</subfield><subfield code="c">39 cm.</subfield></datafield><datafield ind1=" " ind2=" " tag="310"><subfield code="a">Monthly</subfield></datafield><datafield ind1="1" ind2=" " tag="362"><subfield code="a">Began in 1978.</subfield></datafield><datafield ind1=" " ind2=" " tag="588"><subfield code="a">Description based on: Vol. 1, no. 2 (Sept. 1978).</subfield></datafield><datafield ind1=" " ind2=" " tag="588"><subfield code="a">Latest issue consulted: July 1979.</subfield></datafield><datafield ind1=" " ind2="0" tag="650"><subfield code="a">Indians of North America</subfield><subfield code="z">Wisconsin</subfield><subfield code="v">Newspapers.</subfield></datafield><datafield ind1=" " ind2="0" tag="650"><subfield code="a">Indians of North America</subfield><subfield code="z">Great Lakes Region (North America)</subfield><subfield code="v">Newspapers.</subfield></datafield><datafield ind1=" " ind2="0" tag="651"><subfield code="a">Ashland County (Wis.)</subfield><subfield code="v">Newspapers.</subfield></datafield><datafield ind1=" " ind2="4" tag="651"><subfield code="a">Odanah (Wis.)</subfield><subfield code="v">Newspapers.</subfield></datafield><datafield ind1=" " ind2="7" tag="655"><subfield code="a">Newspapers.</subfield><subfield code="2">fast</subfield><subfield code="0">(OCoLC)fst01423814</subfield></datafield><datafield ind1=" " ind2="7" tag="650"><subfield code="a">Indians of North America.</subfield><subfield code="2">fast</subfield><subfield code="0">(OCoLC)fst00969633</subfield></datafield><datafield ind1=" " ind2="7" tag="651"><subfield code="a">Great Lakes Region.</subfield><subfield code="2">fast</subfield><subfield code="0">(OCoLC)fst01258523</subfield></datafield><datafield ind1=" " ind2="7" tag="651"><subfield code="a">Wisconsin.</subfield><subfield code="2">fast</subfield><subfield code="0">(OCoLC)fst01204595</subfield></datafield><datafield ind1=" " ind2="7" tag="651"><subfield code="a">Wisconsin</subfield><subfield code="z">Ashland County.</subfield><subfield code="2">fast</subfield><subfield code="0">(OCoLC)fst01215962</subfield></datafield><datafield ind1="2" ind2=" " tag="710"><subfield code="a">Great Lakes Inter-Tribal Council.</subfield></datafield><datafield ind1=" " ind2=" " tag="752"><subfield code="a">United States</subfield><subfield code="b">Wisconsin</subfield><subfield code="c">Ashland</subfield><subfield code="d">Odanah.</subfield></datafield><datafield ind1="2" ind2="0" tag="891"><subfield code="9">853</subfield><subfield code="8">1</subfield><subfield code="a">v.</subfield><subfield code="b">no.</subfield><subfield code="u">12</subfield><subfield code="v">r</subfield><subfield code="i">(year)</subfield><subfield code="j">(month)</subfield><subfield code="w">m</subfield></datafield><datafield ind1="4" ind2="1" tag="891"><subfield code="9">863</subfield><subfield code="8">1.1</subfield><subfield code="a">&lt;1&gt;</subfield><subfield code="b">&lt;3&gt;</subfield><subfield code="i">&lt;1978&gt;</subfield><subfield code="j">&lt;10&gt;</subfield></datafield></record>